@unpublished{ioannis_2023,
  author = {Paraskevopoulos, I. and Figuerola-Ferretti, I. and Tang, T},
  title = {Managing Mispricings: Matching the Investor and Counter-party Spread Strategies},
  year = {2023},
  note = {Pre print paper available upon request},
  institution = {Universidad Pontifica Comillas},
}

@InProceedings{10.1007/978-981-99-6441-3_131,
author="Xie, Chenling
and Zhang, Yufan
and Wang, Meng
and Liu, Ziyue",
editor="Dang, Canh Thien
and Cifuentes-Faura, Javier
and Li, Xiaolong",
title="Quantamental Trading: Fundamental and Quantitative Analysis with Multi-factor Regression Model Strategy",
booktitle="Proceedings of the 2nd International Conference on Business and Policy Studies",
year="2023",
publisher="Springer Nature Singapore",
address="Singapore",
pages="1455--1470",
abstract="Stock market has always been a risky and changeable field filled with opportunities and traps. Recently, with the burgeoning development of financial theory and statistically tools, investment methods based on quantitative analysis has become immensely predominant aiding accurate stock market predictions. The implementation of effective quantitative stock selection model can reduce risks at a greater level by accurately predicting the future performance of the stocks. The paper develops a multi-factor stock regression model and implements the same of the Chinese market as part of its research object. The proposed model establishes significant relationships between companies' and also discovers the effective financial indicators in association to their expected return. Thus, the multi-factor regression model thus helps to predict the stock's expected return by quantifying the multi-variable linear relationship between a company's financial ratios and its expected return. This enables companies to develop trading strategies considering companies' predicted returns. The results reveal the superiority of the multi-factor regression trading model in achieving an annualized rate of return of 28{\%} during the back test period. The model when implemented on dataset indicates it ability as an effective framework to reduce risk and increase excess return.",
isbn="978-981-99-6441-3"
}

@article{review_statistical_arbitrage, 
title={Statistical Arbitrage Pairs Trading Strategies: Review and Outlook}, 
volume={31}, 
url={https://onlinelibrary.wiley.com/doi/abs/10.1111/joes.12153}, 
DOI={https://doi.org/10.1111/joes.12153}, 
number={2}, 
journal={Journal of Economic Surveys}, 
publisher={Wiley}, 
author={Krauss, Christopher}, 
year={2016}, month={5}, 
pages={513–545} }

‌

@article{french_1992, 
title={The Cross-Section of Expected Stock Returns}, 
volume={47}, 
url={https://ideas.repec.org/a/bla/jfinan/v47y1992i2p427-65.html}, 
number={2}, 
journal={Journal of Finance}, 
publisher={American Finance Association}, 
author={Fama, Eugene F. and French, Kenneth R.}, 
year={1992}, 
month={2}, 
pages={427–465} }

@article{sharpe_1964, 
title={Capital Asset Prices: A Theory of Market Equilibrium Under Conditions of Risk}, 
volume={19}, 
url={https://onlinelibrary.wiley.com/doi/10.1111/j.1540-6261.1964.tb02865.x}, 
DOI={https://doi.org/10.1111/j.1540-6261.1964.tb02865.x}, 
number={3}, 
journal={The Journal of Finance}, 
publisher={Wiley}, 
author={Sharpe, William F.}, 
year={1964}, 
month={9}, 
pages={425–442} }

@article{lintner_1975, 
title={THE VALUATION OF RISK ASSETS AND THE SELECTION OF RISKY INVESTMENTS IN STOCK PORTFOLIOS AND CAPITAL BUDGETS}, 
url={https://www.sciencedirect.com/science/article/abs/pii/B9780127808505500186#fn1}, 
DOI={https://doi.org/10.1016/b978-0-12-780850-5.50018-6}, 
journal={Elsevier eBooks}, 
publisher={Elsevier BV}, 
author={Lintner, John}, 
year={1975}, 
month={1}, 
pages={131–155} }

‌@article{asness_moskowitz_lasse_pedersen_2013, 
title={Value and Momentum Everywhere}, 
volume={68}, 
url={https://onlinelibrary.wiley.com/doi/abs/10.1111/jofi.12021}, 
DOI={https://doi.org/10.1111/jofi.12021}, 
number={3}, 
journal={The Journal of Finance}, 
publisher={Wiley}, 
author={Asness, Clifford S and Moskowitz, Tobias J and Lasse Heje Pedersen}, 
year={2013}, 
month={5}, 
pages={929–985} }

‌@article{gerhold_guasoni_muhle_2013, 
title={Transaction costs, trading volume, and the liquidity premium}, 
volume={18}, 
url={https://link.springer.com/article/10.1007/s00780-013-0210-y}, 
DOI={https://doi.org/10.1007/s00780-013-0210-y}, 
number={1}, 
journal={Finance and Stochastics}, 
publisher={Springer Science+Business Media}, 
author={Gerhold, Stefan and Paolo Guasoni and Johannes Muhle-Karbe and Schachermayer, Walter}, 
year={2013}, 
month={5}, 
pages={1–37} }

@article{tarun_chordia_roll_avanidhar_subrahmanyam_2001, 
title={Market Liquidity and Trading Activity}, 
volume={56}, 
url={https://onlinelibrary.wiley.com/doi/abs/10.1111/0022-1082.00335}, 
DOI={https://doi.org/10.1111/0022-1082.00335}, 
number={2}, 
journal={The Journal of Finance}, 
publisher={Wiley}, 
author={Tarun Chordia and Roll, Richard and Avanidhar Subrahmanyam}, 
year={2001}, 
month={4}, 
pages={501–530} }

@book{feibel_2003, 
title={Investment Performance Measurement}, 
ISBN={9780471445630}, 
url={https://www.wiley.com/en-us/Investment+Performance+Measurement-p-9780471445630}, 
publisher={John Wiley and Sons}, 
author={Feibel, Bruce J.}, 
year={2003}, 
month={4} }

@book{grinold_kahn_1999,
title={Active Portfolio Management: A Quantitative Approach for Providing Superior Returns and Controlling Risk},
ISBN={9780070248823},
url={https://cms.dm.uba.ar/Members/maurette/ACF2022/Richard%20Grinold%2C%20Ronald%20Kahn-Active%20Portfolio%20Management_%20A%20Quantitative%20Approach%20for%20Producing%20Superior%20Returns%20and%20Controlling%20Risk-McGraw-Hill%20%281999%29.pdf},
publisher={McGraw-Hill},
author={Grinold, Richard C. and Kahn, Ronald N.},
year={1999}
}

@book{ang_2014, 
title={Asset Management: A Systematic Approach to Factor Investing}, 
ISBN={9780199959327}, 
url={https://econpapers.repec.org/bookchap/oxpobooks/9780199959327.htm}, 
publisher={Oxford University Press, USA}, 
author={Ang, Andrew}, 
year={2014} }
‌
@article{lo_2004, 
title={The Adaptive Markets Hypothesis: Market Efficiency from an Evolutionary Perspective}, 
url={https://papers.ssrn.com/sol3/papers.cfm?abstract_id=602222}, 
journal={Journal of Portfolio Management}, 
author={Lo, Andrew W}, 
year={2004},
month={10} }

‌@article{elif_baykal_2019, 
title={Transparency in Financial Communication}, 
url={https://www.igi-global.com/gateway/chapter/228055}, 
DOI={https://doi.org/10.4018/978-1-5225-9265-5.ch006}, 
journal={Advances in finance, accounting, and economics book series}, 
publisher={IGI Global}, 
author={Elif Baykal}, 
year={2019}, 
month={1}, 
pages={110–126} }

@article{connor_1995, 
title={The Three Types of Factor Models: A Comparison of Their Explanatory Power}, 
volume={51}, DOI={https://doi.org/10.2469/faj.v51.n3.1904}, 
number={3}, 
journal={Financial Analysts Journal}, 
author={Connor, Gregory}, 
year={1995}, 
month={5}, 
pages={42–46} }

@article{gallego_2023, 
title={Implementing a Novel Pairs Trading Strategy: A Comprehensive Analysis on the Dow Jones Index}, 
url={https://repositorio.comillas.edu/xmlui/handle/11531/75270}, 
DOI={http://hdl.handle.net/11531/75270}, 
journal={Comillas.edu}, 
author={Gallego, Guerrero}, 
year={2023} }

‌@article{johansen_1991, 
title={Estimation and Hypothesis Testing of Cointegration Vectors in Gaussian Vector Autoregressive Models}, 
volume={59}, 
url={https://econpapers.repec.org/article/ecmemetrp/v_3a59_3ay_3a1991_3ai_3a6_3ap_3a1551-80.htm}, 
number={6}, 
journal={Econometrica}, 
publisher={Econometric Society}, 
author={Johansen, Søren}, 
year={1991}, 
pages={1551–1580} }

‌@book{chan_2013, 
title={Algorithmic Trading: Winning Strategies and Their Rationale}, 
url={https://www.oreilly.com/library/view/algorithmic-trading-winning/9781118746912/}, 
publisher={Wiley}, 
ISBN={9781118460146},
author={Chan, Ernest P.}, 
year={2013},
month={5} }

‌@article{carhart_1997, 
title={On Persistence in Mutual Fund Performance}, 
volume={52}, 
url={https://onlinelibrary.wiley.com/doi/full/10.1111/j.1540-6261.1997.tb03808.x}, 
DOI={https://doi.org/10.1111/j.1540-6261.1997.tb03808.x}, 
number={1}, 
journal={The Journal of Finance}, 
publisher={Wiley}, 
author={Carhart, Mark M.}, 
year={1997}, 
month={3}, 
pages={57–82} }

‌@unpublished{ioannis_2024,
  author = {Paraskevopoulos, Ioannis and Figuerola-Ferretti, Isabel and Lumbreras, Sara and Paraskevas, Paraskevas},
  title = {Stock Returns and the Equity Idiosyncratic Premium in the SP 500 Equity Market},
  year = {2024},
  note = {Pre print paper available upon request},
  institution = {Universidad Pontifica Comillas},
}

@article{fama_french_1995, 
title={Size and Book‐to‐Market Factors in Earnings and Returns}, 
volume={50}, 
url={https://onlinelibrary.wiley.com/doi/full/10.1111/j.1540-6261.1995.tb05169.x}, 
DOI={https://doi.org/10.1111/j.1540-6261.1995.tb05169.x}, 
number={1}, 
journal={The Journal of Finance}, 
publisher={Wiley}, 
author={Fama, Eugene F. and French, Kenneth R.}, 
year={1995}, 
month={3}, 
pages={131–155} }

@article{ramon_bermejo_climent_2021, 
title={ESG Disclosure and Portfolio Performance}, 
volume={9}, 
url={https://www.mdpi.com/2227-9091/9/10/172}, 
DOI={https://doi.org/10.3390/risks9100172}, 
number={10}, 
journal={Risks}, 
publisher={Multidisciplinary Digital Publishing Institute}, 
author={Ramón Bermejo Climent and Isabel Figuerola-Ferretti Garrigues and Ioannis Paraskevopoulos and Santos, Alvaro}, 
year={2021}, 
month={9}, 
pages={172–172} }

@article{peiro_1999, 
title={Skewness in financial returns}, 
volume={23}, 
url={https://www.sciencedirect.com/science/article/abs/pii/S0378426698001198}, 
DOI={https://doi.org/10.1016/s0378-4266(98)00119-8}, 
number={6}, 
journal={Journal of Banking and Finance}, 
publisher={Elsevier BV}, 
author={Peiró, Amado}, 
year={1999}, 
month={6}, 
pages={847–862} }

@article{sandoval_franca_2012, 
title={Correlation of financial markets in times of crisis}, 
volume={391}, 
url={https://www.sciencedirect.com/science/article/abs/pii/S037843711100570X}, 
DOI={https://doi.org/10.1016/j.physa.2011.07.023}, 
number={1-2}, journal={Physica A: Statistical Mechanics and its Applications}, 
publisher={Elsevier BV}, 
author={Sandoval, Leonidas and Franca, Paula}, 
year={2012}, 
month={1}, 
pages={187–208} }

‌@article{ian_wagner_2019, 
title={What Is the Expected Return on a Stock?}, 
volume={74}, 
url={https://onlinelibrary.wiley.com/doi/full/10.1111/jofi.12778}, 
DOI={https://doi.org/10.1111/jofi.12778}, 
number={4}, 
journal={The Journal of Finance}, 
publisher={Wiley}, 
author={Martin, Ian W. R. and Wagner, Christian}, 
year={2019}, 
month={5}, 
pages={1887–1929} }

‌@article{sharpe_1994,
title={The Sharpe Ratio},
author={Sharpe, William F.},
url={https://web.stanford.edu/~wfsharpe/art/sr/sr.htm}, 
DOI={10.3905/jpm.1994.409501},
journal={The Journal of Portfolio Management}, 
year={1994},
pages={49-58} }

‌@article{sharpe_1966,
title={Mutual Fund Performance},
author={Sharpe, William F.},
url={https://www.jstor.org/stable/2351741}, 
DOI={10.1086/294846},
journal={The Journal of Business}, 
year={1966},
pages={119-138} }

‌@article{sortino_1994,
title={Performance Measurement in a Downside Risk Framework},
author={Sortino, Frank A. and Price, Lee N.},
url={https://www.pm-research.com/content/iijinvest/3/3/59}, 
DOI={10.3905/joi.3.3.59},
journal={The Journal of Investing}, 
year={1994},
pages={56-64} }

@article{markowitz_1952, 
title={Portfolio Selection}, 
volume={7}, 
url={https://onlinelibrary.wiley.com/doi/abs/10.1111/j.1540-6261.1952.tb01525.x}, 
DOI={https://doi.org/10.1111/j.1540-6261.1952.tb01525.x}, 
number={1}, 
journal={The Journal of Finance}, 
publisher={Wiley}, 
author={Markowitz, Harry}, 
year={1952}, month={3}, 
pages={77–91} }

‌@book{pole_2011, 
title={Statistical Arbitrage: Algorithmic Trading Insights and Techniques}, 
ISBN={9781118160732}, 
url={https://www.wiley.com/en-gb/Statistical+Arbitrage%3A+Algorithmic+Trading+Insights+and+Techniques-p-9780470138441}, 
publisher={John Wiley and Sons}, 
author={Pole, Andrew}, 
year={2007}, 
month={10} }

@article{dierckx_2022, 
title={Trading the FX volatility risk premium with machine learning and alternative data}, 
volume={8}, 
url={https://www.sciencedirect.com/science/article/pii/S2405918822000083#:~:text=Starting%20from%20a%20trading%20strategy%20that%20harvests%20the%20EUR/USD%20volatility}, DOI={https://doi.org/10.1016/j.jfds.2022.07.001}, journal={The Journal of Finance and Data Science}, 
publisher={Elsevier BV}, 
author={Dierckx, Thomas and Davis, Jesse and Wim Schoutens}, 
year={2022}, 
month={Jul}, 
pages={162–179} }

@article{amorim_cavalcanti_cruz_2023, 
title={The choice of scaling technique matters for classification performance}, 
volume={133}, 
url={https://arxiv.org/pdf/2212.12343}, 
DOI={https://doi.org/10.1016/j.asoc.2022.109924}, 
journal={Applied Soft Computing}, 
author={de Amorim, Lucas B.V. and Cavalcanti, George D.C. and Cruz, Rafael M.O.}, 
year={2023}, 
month={Jan}, 
pages={109924} }

‌@article{paraskevopoulos_2018, 
title={Pairs‐trading and spread persistence in the European stock market}, 
volume={38}, 
url={https://onlinelibrary.wiley.com/doi/abs/10.1002/fut.21927}, 
DOI={https://doi.org/10.1002/fut.21927}, 
number={9}, 
journal={Journal of Futures Markets}, 
publisher={Wiley}, 
author={Figuerola‐Ferretti, Isabel and Ioannis Paraskevopoulos and Tang, Tao}, 
year={2018}, 
month={5}, 
pages={998–1023} }

‌

‌
‌

‌
‌
‌
‌

‌



‌
‌UNUSED
article{gatev_goetzmann_k_geert_rouwenhorst_1998, title={Pairs Trading: Performance of a Relative Value Arbitrage Rule}, url={https://papers.ssrn.com/sol3/papers.cfm?abstract_id=141615}, DOI={https://doi.org/10.2139/ssrn.141615}, journal={SSRN Electronic Journal}, publisher={RELX Group (Netherlands)}, author={Gatev, Evan and Goetzmann, William N and K. Geert Rouwenhorst}, year={1998}, month={Jan} }
article{yulia_lukina_2023, title={Beta Coefficient as a Measure of Market Risk in Assessing Investment Attractiveness}, url={https://papers.ssrn.com/sol3/papers.cfm?abstract_id=4377964}, DOI={https://doi.org/10.2139/ssrn.4377964}, journal={SSRN Electronic Journal}, publisher={RELX Group (Netherlands)}, author={Yulia Lukina}, year={2023}, month={Jan} }
article{schwartz_peng_2021, title={Market Liquidity}, url={https://link.springer.com/referenceworkentry/10.1007/978-3-030-73443-5_37-1}, DOI={https://doi.org/10.1007/978-3-030-73443-5_37-1}, journal={Springer eBooks}, publisher={Springer Nature}, author={Schwartz, Robert A and Peng, Lin}, year={2021}, month={Jan}, pages={1–5} }

‌